@book{Goodfellow-et-al-2016,
    title       = {Deep Learning},
    author      = {Ian Goodfellow and Yoshua Bengio and Aaron Courville},
    publisher   = {MIT Press},
    isbn        = {978-0262035613},
    url         = {http://www.deeplearningbook.org},
    year        = {2016}
}

@book{murphy2013machine,
    author      = {Murphy, Kevin P.},
    isbn        = {9780262018029},
    publisher   = {MIT Press},
    title       = {Machine learning : a probabilistic perspective},
    url         = {https://www.cs.ubc.ca/~murphyk/MLbook/},
    year        = {2013}
}

@incollection{NIPS2014_5423,
    title       = {Generative Adversarial Nets},
    author      = {Goodfellow, Ian and Pouget-Abadie, Jean and Mirza, Mehdi and Xu, Bing and Warde-Farley, David and Ozair, Sherjil and Courville, Aaron and Bengio, Yoshua},
    booktitle   = {Advances in Neural Information Processing Systems 27},
    editor      = {Z. Ghahramani and M. Welling and C. Cortes and N. D. Lawrence and K. Q. Weinberger},
    pages       = {2672--2680},
    year        = {2014},
    publisher   = {Curran Associates, Inc.},
    url         = {http://papers.nips.cc/paper/5423-generative-adversarial-nets}
}

@misc{karras2017progressive,
    title       = {Progressive Growing of GANs for Improved Quality, Stability, and Variation},
    author      = {Tero Karras and Timo Aila and Samuli Laine and Jaakko Lehtinen},
    year        = {2017},
    eprint      = {1710.10196},
    archivePrefix = {arXiv},
    primaryClass = {cs.NE},
    url         = {https://arxiv.org/abs/1710.10196v3}
}

@misc{karras2018stylebased,
    title       = {A Style-Based Generator Architecture for Generative Adversarial Networks},
    author      = {Tero Karras and Samuli Laine and Timo Aila},
    year        = {2018},
    eprint      = {1812.04948},
    archivePrefix = {arXiv},
    primaryClass = {cs.NE},
    url         = {https://arxiv.org/abs/1812.04948}
}

@misc{karras2019analyzing,
    title       = {Analyzing and Improving the Image Quality of StyleGAN},
    author      = {Tero Karras and Samuli Laine and Miika Aittala and Janne Hellsten and Jaakko Lehtinen and Timo Aila},
    year        = {2019},
    eprint      = {1912.04958},
    archivePrefix = {arXiv},
    primaryClass = {cs.CV},
    url         = {https://arxiv.org/abs/1912.04958}
}

@misc{dumoulin2016guide,
    title       = {A guide to convolution arithmetic for deep learning},
    author      = {Vincent Dumoulin and Francesco Visin},
    year        = {2016},
    eprint      = {1603.07285},
    archivePrefix = {arXiv},
    primaryClass = {stat.ML},
    url         = {https://arxiv.org/abs/1603.07285v2}
}

% MNIST
@misc{lecun-mnisthandwrittendigit-2010,
    author      = {LeCun, Yann and Cortes, Corinna},
    title       = {MNIST handwritten digit database},
    url         = {http://yann.lecun.com/exdb/mnist/},
    year        = {2010}
}

% TODO - TechReport
% Required elements:  author, title, edition, address, organization or institution, month, year, revised
% Optional elements: note, number, url*
% Elements of el. doc.:  howpublished*, cited*
%
% Note: * Required element for el. doc.

% LFW database
@misc{LFWTech,
    author      = {Gary B. Huang and Manu Ramesh and Tamara Berg and Erik Learned-Miller},
    title       = {Labeled Faces in the Wild: A Database for Studying Face Recognition in Unconstrained Environments},
    institution =  {University of Massachusetts, Amherst},
    year        = 2007,
    number      = {07-49},
    month       = {October},
    url         = {http://vis-www.cs.umass.edu/lfw/lfw.pdf}
}

% CelebA
@inproceedings{liu2015faceattributes,
    author      = {Liu, Ziwei and Luo, Ping and Wang, Xiaogang and Tang, Xiaoou},
    title       = {Deep Learning Face Attributes in the Wild},
    booktitle   = {Proceedings of International Conference on Computer Vision (ICCV)},
    month       = {December},
    year        = {2015},
    url         = {https://liuziwei7.github.io/projects/FaceAttributes.html}
}

% ImageNet
@inproceedings{imagenet_cvpr09,
    AUTHOR      = {Deng, J. and Dong, W. and Socher, R. and Li, L.-J. and Li, K. and Fei-Fei, L.},
    TITLE       = {ImageNet: A Large-Scale Hierarchical Image Database},
    BOOKTITLE   = {CVPR09},
    YEAR        = {2009},
    url         = {http://www.image-net.org/papers/imagenet_cvpr09.pdf},
    BIBSOURCE   = {http://www.image-net.org/papers/imagenet_cvpr09.bib}
}

% LSUN
@misc{yu2015lsun,
    title       = {LSUN: Construction of a Large-scale Image Dataset using Deep Learning with Humans in the Loop},
    author      = {Fisher Yu and Ari Seff and Yinda Zhang and Shuran Song and Thomas Funkhouser and Jianxiong Xiao},
    year        = {2015},
    eprint      = {1506.03365},
    archivePrefix = {arXiv},
    url         = {https://www.yf.io/p/lsun}
}

% CIFAR
@article{cifar,
    author      = {Krizhevsky, Alex},
    year        = {2012},
    month       = {May},
    title       = {Learning Multiple Layers of Features from Tiny Images},
    journal     = {University of Toronto},
    url         = {https://www.cs.toronto.edu/~kriz/cifar.html}
}

% 80 million tiny images
@ARTICLE{tinyimages,
    author      = {A. {Torralba} and R. {Fergus} and W. T. {Freeman}},
    journal     = {IEEE Transactions on Pattern Analysis and Machine Intelligence},
    title       = {80 Million Tiny Images: A Large Data Set for Nonparametric Object and Scene Recognition},
    year        = {2008},
    volume      = {30},
    number      = {11},
    pages       = {1958-1970},
    url         = {https://people.csail.mit.edu/torralba/publications/80millionImages.pdf}
}

% Draw a point from hypersphere
@article{marsaglia1972,
    author      = {Marsaglia, George},
    doi         = {10.1214/aoms/1177692644},
    fjournal    = {Annals of Mathematical Statistics},
    journal     = {Ann. Math. Statist.},
    month       = {April},
    number      = {2},
    pages       = {645--646},
    publisher   = {The Institute of Mathematical Statistics},
    title       = {Choosing a Point from the Surface of a Sphere},
    url         = {https://doi.org/10.1214/aoms/1177692644},
    volume      = {43},
    year        = {1972}
}

% Student's t-test
@book{encyclopediaOfMathematics,
    author      = {Hazewinkel, Michiel},
    publisher   = {Springer Verlag GmbH, European Mathematical Society},
    title       = {Encyclopedia of Mathematics},
    year        = {1994},
    isbn        = {978-1-55608-010-4}
}

% Linear Discriminant Analysis
@inbook{duda2001patternclassification,
    author      = {Duda, Richard and Hart, Peter and G.Stork, David},
    year        = {2001},
    title       = {Pattern Classification},
    isbn        = {0-471-05669-3},
    journal     = {Wiley Interscience}
}

@article{scikit-learn,
    title       = {Scikit-learn: Machine Learning in {P}ython},
    author      = {Pedregosa, F. and Varoquaux, G. and Gramfort, A. and Michel, V. and Thirion, B. and Grisel, O. and Blondel, M. and Prettenhofer, P. and Weiss, R. and Dubourg, V. and Vanderplas, J. and Passos, A. and Cournapeau, D. and Brucher, M. and Perrot, M. and Duchesnay, E.},
    journal     = {Journal of Machine Learning Research},
    volume      = {12},
    pages       = {2825--2830},
    year        = {2011}
}